@misc{website:codeforces,
  author = {WebSite},
  title = {Codeforces},
  note = {Last Accessed: October, 2015, \url{https://codeforces.com}},
  year = {2015}
}

@misc{website:edu-pl:take-out,
  author = {WebSite},
  title = {Take Out},
  note = {\url{http://main.edu.pl/en/archive/oi/20/usu}},
  year = {2015}
}

@misc{website:infoarena,
  author = {WebSite},
  title = {Infoarena},
  note = {\url{https://www.infoarena.ro}},
  year = {2015}
}

@misc{website:infoarena/editor,
  author = {WebSite},
  title = {Editor},
  note = {\url{https://www.infoarena.ro/problema/editor}},
}

@misc{website:infoarena/alee,
  author = {WebSite},
  title = {Alee},
  note = {\url{https://www.infoarena.ro/problema/alee}},
}

@misc{website:infoarena/trompeta,
  author = {WebSite},
  title = {Trompeta},
  note = {\url{https://www.infoarena.ro/problema/trompeta}},
}

@misc{website:infoarena/tsunami,
  author = {WebSite},
  title = {Tsunami},
  note = {\url{https://www.infoarena.ro/problema/tsunami}},
}


@misc{website:petr1,
  author = {WebSite},
  title = {Devices},
  note = {Last Accessed: October, 2015, \url{http://petr-mitrichev.blogspot.com/2015/06/a-week-with-h2.html}},
  year = {2015}
}

@misc{website:topcoder,
  author = {WebSite},
  title = {TopCoder},
  note = {Last Accessed: October, 2015, \url{https://topcoder.com/tc/}},
  year = {2015}
}


